<?xml version="1.0" encoding="UTF-8"?><collection xmlns="http://www.loc.gov/MARC21/slim"><record><leader>00519nam--2200193-u-4500</leader><controlfield tag="001">000052854</controlfield><controlfield tag="002">20161230</controlfield><controlfield tag="005">20161230201050</controlfield><controlfield tag="008">101123s1000------------r-----000-0-rus-d</controlfield><datafield ind1=" " ind2=" " tag="040"><subfield code="a">IFIN-HH</subfield></datafield><datafield ind1=" " ind2=" " tag="041"><subfield code="a">rus</subfield></datafield><datafield ind1=" " ind2=" " tag="080"><subfield code="a">535-36:535.24</subfield></datafield><datafield ind1="1" ind2=" " tag="100"><subfield code="a">Mironov, V.N</subfield></datafield><datafield ind1="1" ind2="0" tag="245"><subfield code="a">Prognozirovanie perenosa ioniziruioshego izluceniia merodami fotometrii</subfield><subfield code="c">V.n. mironov; e.a. panov</subfield></datafield><datafield ind1=" " ind2=" " tag="260"><subfield code="a">Moskva</subfield><subfield code="b">Atomizdat</subfield><subfield code="c">1979</subfield></datafield><datafield ind1=" " ind2=" " tag="300"><subfield code="a">113P</subfield></datafield><datafield ind1="1" ind2=" " tag="700"><subfield code="a">Panov, E.A</subfield></datafield><datafield ind1=" " ind2=" " tag="852"><subfield code="a">47864</subfield><subfield code="c">535</subfield></datafield><datafield ind1=" " ind2=" " tag="CAT"><subfield code="a">Sys</subfield><subfield code="c">20101123</subfield><subfield code="h">143334</subfield></datafield></record></collection>